@inproceedings{FFI,
	author = {Daniel Patterson and Amal Ahmed},
	title = {Foreign Function Typing: {S}emantic Type Soundness for {F}{F}{I}s},
	date = {2020},
	booktitle = {Informal Proceedings of the first ACM SIGPLAN Workshop on Gradual Typing (WGT20)},
	organization = {ACM},
	location = {New York, NY, USA},
	pages = {12},
}

@online{THREEJS,
	title = {three.js},
	url = {https://threejs.org/}
}

@online{MATTERJS,
	title = {matter.js},
	url = {https://brm.io/matter-js/}
}

@online{CHARTJS,
	title = {chart.js},
	url = {https://www.chartjs.org/}
}

@online{JSNUMBER,
	title = {{j}s-numbers.js},
	url = {https://github.com/brownplt/pyret-lang/blob/7e09ae29d40ce33a2f3fce1e5f2290d1a8b36170/src/runtime/js-numbers.js#L1496},
}

@online{JSNUMBERSSOURCE,
	title = {{j}s-numbers.js},
	url = {https://github.com/brownplt/pyret-lang/blob/7e09ae29d40ce33a2f3fce1e5f2290d1a8b36170/src/runtime/js-numbers.js#L358-L370},
}

@online{JETSAM,
	title = {Jetsam},
	url = {https://github.com/InnPatron/jetsam},
}